<?xml version="1.0" encoding="UTF-8"?><record xmlns="http://www.loc.gov/MARC21/slim" xmlns:cinclude="http://apache.org/cocoon/include/1.0" xmlns:zs="http://www.loc.gov/zing/srw/">
  <leader>00357nz  a2200121n  4500</leader>
  <controlfield tag="001">no 94022100 </controlfield>
  <controlfield tag="003">DLC</controlfield>
  <controlfield tag="005">19940712151950.5</controlfield>
  <controlfield tag="008">940629n| acannaab|          |n aaa     c</controlfield>
  <datafield tag="010" ind1=" " ind2=" ">
    <subfield code="a">no 94022100 </subfield>
  </datafield>
  <datafield tag="040" ind1=" " ind2=" ">
    <subfield code="a">CoU</subfield>
    <subfield code="c">CoU</subfield>
  </datafield>
  <datafield tag="100" ind1="1" ind2="0">
    <subfield code="a">Luna, Ame휍혖rica</subfield>
  </datafield>
  <datafield tag="670" ind1=" " ind2=" ">
    <subfield code="a">Her Inmensamente juntos, 1992:</subfield>
    <subfield code="b">t.p. (Ame휍혖rica Luna) p. 1 (born in mid 1950's; resident of Toluca, Mex.)</subfield>
  </datafield>
</record>